<?xml version="1.0" encoding="UTF-8"?><collection xmlns="http://www.loc.gov/MARC21/slim"><record><leader>00514nam--2200181-i-4500</leader><controlfield tag="001">000026000</controlfield><controlfield tag="002">20161230</controlfield><controlfield tag="005">20161230201036</controlfield><controlfield tag="008">060222s1000------------r-----000-0-eng-d</controlfield><datafield ind1=" " ind2=" " tag="040"><subfield code="a">IFIN-HH</subfield></datafield><datafield ind1=" " ind2=" " tag="080"><subfield code="a">19.5+517.512</subfield></datafield><datafield ind1="1" ind2=" " tag="100"><subfield code="a">Kamke, E</subfield></datafield><datafield ind1="1" ind2="0" tag="245"><subfield code="a">Theory of sets</subfield><subfield code="b">Translated by frederick bagemihl</subfield><subfield code="c">E. kamke</subfield></datafield><datafield ind1=" " ind2=" " tag="260"><subfield code="a">New York</subfield><subfield code="b">Dover Publications, Inc</subfield><subfield code="c">1950</subfield></datafield><datafield ind1=" " ind2=" " tag="300"><subfield code="a">VII + 144P</subfield></datafield><datafield ind1=" " ind2=" " tag="490"><subfield code="a">Dover Series Books In Mathematics And Physics</subfield></datafield><datafield ind1=" " ind2=" " tag="852"><subfield code="a">12916</subfield><subfield code="c">519.5</subfield></datafield><datafield ind1=" " ind2=" " tag="CAT"><subfield code="a">Sys</subfield><subfield code="c">20130809</subfield><subfield code="h">123936</subfield></datafield></record></collection>